<?xml version="1.0" encoding="UTF-8"?><collection xmlns="http://www.loc.gov/MARC21/slim"><record><leader>00445nam--2200169-i-4500</leader><controlfield tag="001">000038299</controlfield><controlfield tag="002">20161230</controlfield><controlfield tag="005">20161230201041</controlfield><controlfield tag="008">060222s1000------------r-----000-0-eng-d</controlfield><datafield ind1=" " ind2=" " tag="040"><subfield code="a">IFIN-HH</subfield></datafield><datafield ind1=" " ind2=" " tag="080"><subfield code="a">541.1-16</subfield></datafield><datafield ind1=" " ind2=" " tag="100"><subfield code="a">Reiss, Howard</subfield></datafield><datafield ind1="1" ind2="0" tag="245"><subfield code="a">Progress in solid state chemistry</subfield><subfield code="b">Volume 1</subfield><subfield code="c">Howard reiss (ed.)</subfield></datafield><datafield ind1=" " ind2=" " tag="260"><subfield code="a">Oxford</subfield><subfield code="b">Pergamon Press</subfield><subfield code="c">1964</subfield></datafield><datafield ind1=" " ind2=" " tag="300"><subfield code="a">VII+536P</subfield></datafield><datafield ind1=" " ind2=" " tag="852"><subfield code="a">20385</subfield><subfield code="c">539.2</subfield></datafield><datafield ind1=" " ind2=" " tag="CAT"><subfield code="a">Sys</subfield><subfield code="c">20121011</subfield><subfield code="h">134857</subfield></datafield></record></collection>